@Article{test_one,
author = {Viguier},
title = {Ceci est un article test.},
journal = {IRSTEA magazine},
year = {2016},
OPTkey = {â€¢}
}
