
@Article{Achat2010,
author = {D.L. Achat and C. Morel and M.R. Bakker and L. Augusto and S. Pellerin and A. Gallet-Budynek and M. Gonzalez},
title = {Assessing turnover of microbial biomass phosphorus: combination of an isotopic dilution method with a mass balance model},
journal = {Soil Biology and Biochemistry},
year = {2010},
volume = {42},
pages = {2231-2240}
}


@Article{Arrouays1994,
author = {D. Arrouays and J.L. Kicin and P. Pélissier and I. Vion},
title = {Evolution des stocks de carbone des sols après déforestation : analyse spatio-temporelle à l'échelle d'un paysage pédologique},
journal = {Etude et gestion des sols},
year = {1994},
volume = {2},
pages = {29-38}
}

@Article{Augusto2014,
author = {L. Augusto and D. Achat and M.Bakker and F.Bernier and D. Bert and F.Danjon and R. Khlifa and C. Meredieu and P. Trichet},
title = {Biomass and nutrients in tree root systems-sustainable harvesting of an intensively managed Pinus Pinaster (Ait.) planted forest},
journal = {Bioenergy},
year = {2014}
}


@Article{Bauer2005,
author = {P.J. Bauer and J.R. Frederick and J.M. Novak and P.G. Hunt},
title = {Soil CO2 flux from a norfolk loamy sand after 25 years of conventional and conservation tillage},
journal = {Soil \& Tillage Research},
year = {2010},
volume={20},
pages = {663-683}
}

@Article{Bert2006,
author = {Didier Bert and Frédéric Danjon},
title = {Carbon concentration variations in the roots, stem and crown of mature Pinus Pinaster},
journal = {Forest Ecology and Management},
year = {2006},
volume={222},
pages = {279-295}
}


@Article{Dore2010,
author = {S. Dore and T.E. Kolb and M. Montes-Helu and S.E. Eckert and B.W. Sulivan and B.A. Hungate and J.P. Kaye and S.C. Hart and G.W. Koch and A. Finkral},
title = {Carbon and water fluxes from ponderosa pine forest disturbed by wildfire and thinning},
journal = {Ecological Applications},
year = {2010},
volume={20},
pages = {663-683}
}


@Article{Jandl2007,
author = {R. Jandl and M. Lindner and L. Vesterdal and B. Bauwens and R. Barits and F. Hagedorn and D.W. Johnson and K. Minkkinen and K.A. Byrne},
title = {How strongly can forest management influence soil carbon sequestration},
journal = {Geoderma},
year = {2007},
volume = {137},
pages = {253-268}
}


@Article{Jolivet2007,
author = {C. Jolivet and L. Augusto and P. Trichet and D. Arrouays},
title = {Les sols du massif forestier des landes de Gascogne : formation, histoire, propriétés et variabilité spatiale},
journal = {Revue Forestière Française LIX(1)},
year = {2007},
pages = {7-30}
}

@Article{Kowalski2003,
author = {S. Kowalski and M.Sartore and R.Burlett and P. Berbigier and D. Loustau},
title = {The annual carbon budget of a French pine forest (Pinus Pinaster) following harvest},
journal = {Global Change Biology},
year = {2003},
volume = {9},
pages = {1051-1065}
}

@Article{Levasseur2010,
author = {A. Lvasseur and P. Lesage and M. Margni and L. Deschenes and R. Samson},
title = {Considering time in LCA: dynamic LCA and its application to global warming impact assessments},
journal = {Environnemental Sciences & Technology},
year = {2010},
volume = {44},
pages = {3169-3174}
}

@Article{Misson2005,
author = {L. Misson and J. Tang and M. Xu and M. McKay and A. Goldstein},
title = {Influence of recovery from clear-cut, climate variability, and thinning on the carbon balance of a young ponderosa pine plantation},
journal = {Agricultural and forest  meteorology},
year = {2005},
volume = {130},
pages = {207-222}
}

@Article{Ohtsuka2013,
author = {T. Ohtsuka and M. Neigshi and K. Sugita and Y. Iimura and M. Hirota},
title = {Carbon cycling and sequestration in a red pine (Pinus Densiflora) forest on lava flow of Mt. Fuji},
journal = {Ecological Research},
year = {2013},
volume = {28},
pages = {855-867}
}


@Article{Peng2008,
author = {Y. Peng and S.C. Thomas and D. Tian},
title = {Forest management and soil respiration: implications for carbon sequestration},
journal = {NRC Canada},
year = {2008},
volume = {16},
pages = {93-111}
}


@Article{Perez2002,
author = {M. Pérez and S.C.G. Martinez and R.A. Miranda and L.G. Sanchez},
title = {Growth phenology and mating system of maritime pine (Pinus Pinaster) in central Spain},
journal = {Investigacion agraria, Sistemas y recursos forestales},
year = {2002},
volume = {11},
number = {1},
pages = {193-204}
}

@Article{Porte2000,
author = {A. Porté and P. Trichet and D. Bert and D. Lousteau},
title = {Allometric relationships for branch and tree woody biomass of Maritime pin (Pinus Pinaster Aït.},
journal = {Forest Ecology and Management},
year = {2002},
volume = {158},
pages = {71-83}
}


@Article{Richards1959,
author = {F.J. Richards},
title = {A flexible growth function for empirical use},
journal = {Journal of Experimental Botany},
year = {1959},
volume = {10},
pages = {290-301}
}

@Article{Ritson2003,
author = {Peter Ritson and Stanley Sochacki},
title = {Measurement and prediction of biomass and carbon content of Pinus Pinaster trees in farm forestry plantations, south-westerb Australia},
journal = {Forest Ecology and management},
year = {2003},
volume = {175},
pages = {103-117}
}

@Article{Shaiek2011,
author = {O. Shaiek and D. Lousteau and P. Trichet and C. Meredieu and B. Bachtobji and S. Garchi and M.H. El Aouni},
title = {Generalized biomass equations for the main aboveground biomass components of maritime pine across contrasting environments},
journal = {Annals of Forest Science},
year = {2011},
volume = {68},
pages = {443-452}
}

@Article{Trichet1999,
author = {P. Trichet and C. Jolivet and D. Arrouays and D. Loustau and D. bert and J. Ranger},
title = {Le mantien de la fertilité des sols forestiers landais dans le cadre de la sylviculture intensive du pin maritime},
journal = {Etude et Gestion des Sols},
year = {1999},
volume = {6},
number = {4},
pages = {197-124}
}

@Article{Trichet2009,
author = {P. Trichet and M.R. Bakker and L. Augusto and P. Alazars and D. Merzeau and E. Saur},
title = {Fifty years of fertilization experiments on Pinus Pinaster in southwaest France: the importance of phosphorus as a fertilizer},
journal = {Forest Science},
year = {2009},
volume = {55},
number = {5}
}


@Article{Warren2005,
author = {C.R. Warren and J.F. McGrath and M.A. Adams},
title = {Diffenretial effects of N, P and K on photosynthesis and partitioning of N in Pinus Pinaster needles},
journal = {Annals of Forest Science},
year = {2005},
volume = {62},
pages = {1-8}
}


@Article{Zianis2005,
author = {D. Zianis and P. Muukkonen and R. Makipaa and M. Mencuccini},
title = {Biomass and stem Volume equations for tree species in Europe},
journal = {Silva Fennica Monographs 4},
year = {2005},
volume = {1},
number = {},
pages = {63}
}


@Book{GISSol2011,
author = {GIS},
title = {L'état des sols de France},
publisher = {GIS Sol},
year = {2011}
}

@Book{PAS2050,
title = {PAS 2050:2011 Specification for the  assessment of the life cycle greenhouse gas emissions of goods and services},
publisher = {BSI},
year = {2011}
}


@Book{sylviman,
author = {H.Chaperon and L. Cremiere},
ALTeditor = {Afocel},
title = {Manuel de Sylviculture du Pin Maritime},
publisher = {J. Sturm},
year = {1994}
}

@PhdThesis{Moreaux2012,
author = {Virginie Moreaux},
title = {Observation et modélisation des échanges d'énergie et de masse de jeunes peuplements forestiers du sud-ouest de la France},
school = {Université Bordeaux 1},
year = {2012}
}

@PhdThesis{Vale2006,
author = {Matthieu Valé},
title = {Quantification et prédiction de la minéralisation nette de l'azote du sol in situ, sous divers pédoclimats et systèmes de culture français},
school = {SEVAB},
year = {2006}
}






