
@book{intergovernmental_panel_on_climate_change_climate_2014,
	address = {Cambridge},
	title = {Climate {Change} 2013 - {The} {Physical} {Science} {Basis}: {Working} {Group} {I} {Contribution} to the {Fifth} {Assessment} {Report} of the {Intergovernmental} {Panel} on {Climate} {Change}},
	isbn = {978-1-107-41532-4},
	shorttitle = {Climate {Change} 2013 - {The} {Physical} {Science} {Basis}},
	url = {http://ebooks.cambridge.org/ref/id/CBO9781107415324},
	urldate = {2018-03-30},
	publisher = {Cambridge University Press},
	editor = {{Intergovernmental Panel on Climate Change}},
	year = {2014},
	doi = {10.1017/CBO9781107415324}
}