
@book{solomon_climate_2007,
	series = {Assessment report ({Intergovernmental} {Panel} on {Climate} {Change}).: {Working} {Group}},
	title = {Climate {Change} 2007 - {The} {Physical} {Science} {Basis}: {Working} {Group} {I} {Contribution} to the {Fourth} {Assessment} {Report} of the {IPCC}},
	isbn = {978-0-521-70596-7},
	url = {https://books.google.fr/books?id=8-m8nXB8GB4C},
	publisher = {Cambridge University Press},
	author = {Solomon, S. and Change, Intergovernmental Panel on Climate and I, Intergovernmental Panel on Climate Change Working Group},
	year = {2007},
	lccn = {2007282362}
}